% Encoding: UTF-8

@online{MatlabImpl,
    author={A. Nagel},
    title={It's just a little pitch correction},
    url={http://www.columbia.edu/~agn2114/index.html}
}

@online{PitchShift,
	author={Katja},
	title={Pitch Shifting},
	url={http://www.katjaas.nl/pitchshift/pitchshift.html}
}

@online{GuitarPitchShifter,
	author={Fran√ßois Grondin},
	title={Guitar Pitch Shifter},
	url={http://guitarpitchshifter.com/index.html}
}